@article{bertalmio2000,
  title={Image inpainting},
  author={Bertalmio, Marcelo and Sapiro, Guillermo and Caselles, Vincent and Ballester, Coloma},
  journal={Proceedings of the 27th annual conference on Computer graphics and interactive techniques},
  pages={417--424},
  year={2000},
  organization={ACM Press/Addison-Wesley Publishing Co.}
}

@article{Staline,
    title={The Commissar Vanishes},
    author={J. Staline},
    journal={How to deal with politic opponents},
    year={1940},
    organisation={Communist Party}
}

@article{harary2014,
  title={Context-based coherent surface completion},
  author={Harary, Gur and Tal, Ayellet and Grinspun, Eitan},
  journal={ACM Transactions on Graphics (TOG)},
  volume={33},
  number={1},
  pages={5},
  year={2014},
  publisher={ACM}
}

@article{masnou1998,
  title={Level lines based disocclusion},
  author={Masnou, Simon and Morel, J-M},
  journal={Image Processing, 1998. ICIP 98. Proceedings. 1998 International Conference on},
  pages={259--263},
  year={1998},
  organization={IEEE}
}

@article{efros1999,
  title={Texture synthesis by non-parametric sampling},
  author={Efros, Alexei A and Leung, Thomas K},
  journal={iccv},
  pages={1033},
  year={1999},
  organization={IEEE}
}

@article{bobenko2005,
  title={Discrete willmore flow},
  author={Bobenko, Alexander I and Schr{\"o}der, Peter},
  year={2005},
  publisher={Eurographics Association}
}

@article{darabi2012,
  title={Image melding: Combining inconsistent images using patch-based synthesis.},
  author={Darabi, Soheil and Shechtman, Eli and Barnes, Connelly and Goldman, Dan B and Sen, Pradeep},
  journal={ACM Trans. Graph.},
  volume={31},
  number={4},
  pages={82--1},
  year={2012},
  publisher={Citeseer}
}

@article{goodfellow2014,
  title={Generative adversarial nets},
  author={Goodfellow, Ian and Pouget-Abadie, Jean and Mirza, Mehdi and Xu, Bing and Warde-Farley, David and Ozair, Sherjil and Courville, Aaron and Bengio, Yoshua},
  journal={Advances in neural information processing systems},
  pages={2672--2680},
  year={2014}
}

@article{pathak2016,
  title={Context encoders: Feature learning by inpainting},
  author={Pathak, Deepak and Krahenbuhl, Philipp and Donahue, Jeff and Darrell, Trevor and Efros, Alexei A},
  journal={Proceedings of the IEEE Conference on Computer Vision and Pattern Recognition},
  pages={2536--2544},
  year={2016}
}

@article{wexler2007,
  title={Space-time completion of video},
  author={Wexler, Yonatan and Shechtman, Eli and Irani, Michal},
  journal={IEEE Transactions on Pattern Analysis \& Machine Intelligence},
  number={3},
  pages={463--476},
  year={2007},
  publisher={IEEE}
}

